@string{and = " and "}
@string{sstenberg = "Stenberg, Shlomo"}
@string{mbrin = "Brin, Michael"}
@string{gstuck = "Stuck, Garrett"}
@string{fricci = "Ricci, Fulvio"}
@string{akhinchin = "Khinchin, Aleksandr"}
@string{ghhardy = "Hardy, Godfrey Harold"}
@string{ewwright = "Wright, Sir Edward Maitland"}
@string{cshannon = "Shannon, Calude"}
@string{jrnorris = "Norris, James Ritchie"}
@string{mmezard = "MÃ©zard, Marc"}
@string{amontanari = "Montanari, Andrea"}

@book{stenberg,
    Author = sstenberg,
    Title = {Dynamical Systems},
    Publisher = {Dover},
    Year = {2011},
    ISBN = {9780486477053},
    URL = {https://www.amazon.com/Dynamical-Systems-Dover-Books-Mathematics/dp/0486477053},
    note = "{Reperibile \href{http://www.math.harvard.edu/library/sternberg/text/book.pdf}{qui}}"
}

@book{bs,
    Author = mbrin # and # gstuck,
    Title = {Introduction to Dynamical Systems},
    Publisher = {Cambridge University Press},
    Year = {2002},
    ISBN = {9780511755316},
    URL = {https://www.amazon.com/Introduction-Dynamical-Systems-Michael-Brin/dp/1107538947}
}

@book{ricci,
    Author = fricci,
    Title = {Introduzione alla teoria della misura e all'analisi funzionale},
    Publisher = {Cambridge University Press},
    Year = {2013},
    note = "{Reperibile \href{http://dida.sns.it/dida2/cl/13-14/folde2/pdf0/download}{qui}}"
}

@book{khinchin,
    Author = akhinchin,
    Title = {Continued Fractions},
    Publicher = {Dover},
    Year = {1997},
    ISBN = {9780486696300},
    URL = {https://www.amazon.com/Continued-Fractions-Dover-Books-Mathematics/dp/0486696308}
}

@book{hw,
    Author = ghhardy # and # ewwright,
    Title = {An Introduction to the Theory of Numbers},
    Publicher = {Oxford University Press},
    Year = {2008},
    ISBN = {9780199219865},
    URL = {https://www.amazon.com/Introduction-Theory-Numbers-G-Hardy/dp/0199219869}
}

@article{shannon,
    author  = cshannon, 
    title   = {A Mathematical Theory of Communication},
    journal = { Bell System Technical Journal},
    year    = {1948},
    number = {3},
    pages   = {379-423},
    volume  = {27}
}

@book{norris,
    Author = jrnorris,
    Title = {Markov Chains},
    Publicher = {Cambridge University Press},
    Year = {1997},
    ISBN = {9780511810633},
    URL = {https://www.amazon.com/Markov-Cambridge-Statistical-Probabilistic-Mathematics/dp/0521633966},
    note = "{Reperibile \href{http://www.statslab.cam.ac.uk/~james/Markov/}{qui} il primo capitolo}"
}

@book{mm,
    Author = mmezard # and # amontanari,
    Title = {Information, Physics, and Computation},
    Publicher = {Oxford University Press},
    Year = {2009},
    ISBN = {9780198570837},
    URL = {https://www.amazon.com/Information-Physics-Computation-Oxford-Graduate/dp/019857083X}
}